<?xml version="1.0" encoding="UTF-8"?><collection xmlns="http://www.loc.gov/MARC21/slim"><record><leader>00432nam--2200133-i-4500</leader><controlfield tag="001">000030416</controlfield><controlfield tag="002">20161230</controlfield><controlfield tag="005">20161230201038</controlfield><controlfield tag="008">060222s1000------------r-----000-0-eng-d</controlfield><datafield ind1=" " ind2=" " tag="080"><subfield code="a">51(075.8)</subfield></datafield><datafield ind1=" " ind2=" " tag="100"><subfield code="a">Mangoldt H.V</subfield></datafield><datafield ind1=" " ind2=" " tag="245"><subfield code="a">Einfuhrung in die hohere mathematik fur satudierende und zum selbststudium. band. i. vollstandig neu bearbeitet und erweitert von konrad knopp</subfield></datafield><datafield ind1=" " ind2=" " tag="260"><subfield code="a">Leipzig, Herzel, 1942, Xv + 385p</subfield></datafield><datafield ind1=" " ind2=" " tag="852"><subfield code="a">460</subfield></datafield></record></collection>